@online{emtoolbox,
    author={Jack A. Stone and Jay H. Zimmerman},
    title={Index of Refraction of Air},
    year={2019-07-01},
    url={https://emtoolbox.nist.gov/Wavelength/Documentation.asp},
    note={{National Institute of Standards and Technology,
        U.S. Department of Commerce.
        (Documentation and calculator for the refractive index of air,
        accessed 2021-06-28)}}
}
@manual{sibrochure,
    organization={Bureau International des Poids et Mesures},
    title={The International System of Units (SI)},
    edition=9,
    year={2019},
    version={1.08},
    pages={131},
    url={https://www.bipm.org/en/publications/si-brochure}
}
@manual{phywebrochure,
    organization={PHYWE},
    title={Measuring the velocity of light},
    year={2017},
    url={https://www.phywe.com/experiments-sets/university-experiments/measuring-the-velocity-of-light_10175_11106/},
    note={{(student's experiment sheet)}}
}
@article{spence_history,
    issn = {0035-9173},
    journal = {Journal and proceedings of the Royal Society of New South Wales},
    pages = {216--241},
    volume = {152},
    number = {473/474},
    year = {2019},
    title = {Speed limit: How the search for an absolute frame of reference in the Universe led to Einstein's equation 'E =mc2' - a history of measurements of the speed of light},
    author = {Spence, John CH},
}
@article{birchdowns,
    issn = {0026-1394},
    journal = {Metrologia},
    pages = {315--316},
    volume = {31},
    publisher = {IOP Publishing},
    number = {4},
    year = {1994},
    title = {Correction to the Updated Edl√©n Equation for the Refractive Index of Air},
    language = {eng},
    author = {Birch, K P and Downs, M J},
}
@incollection{meeten_measurement,
    pages = {50.5--50.9},
    publisher = {Taylor \& Francis},
    booktitle = {
        Measurement, Instrumentation, and Sensors Handbook - Electromagnetic,
        Optical, Radiation, Chemical, and Biomedical Measurement
    },
    isbn = {9781439848913},
    year = {2014},
    title = {Refractive Index Measurement},
    edition = {2nd Edition},
    copyright = {2014},
    language = {eng},
    editor = {Webster, John G and Eren, Halit},
    author = {Meeten, Gerry H},
    keywords = {engineering principles ; general engineering engineering management},
}
